%YAML 1.1
%TAG !u! tag:unity3d.com,2011:
--- !u!1 &144580
GameObject:
  m_ObjectHideFlags: 0
  m_PrefabParentObject: {fileID: 0}
  m_PrefabInternal: {fileID: 100100000}
  serializedVersion: 4
  m_Component:
  - 4: {fileID: 443392}
  - 114: {fileID: 11488956}
  - 114: {fileID: 11426992}
  m_Layer: 0
  m_Name: Game Controller
  m_TagString: Untagged
  m_Icon: {fileID: 0}
  m_NavMeshLayer: 0
  m_StaticEditorFlags: 0
  m_IsActive: 1
--- !u!4 &443392
Transform:
  m_ObjectHideFlags: 1
  m_PrefabParentObject: {fileID: 0}
  m_PrefabInternal: {fileID: 100100000}
  m_GameObject: {fileID: 144580}
  m_LocalRotation: {x: 0, y: 0, z: 0, w: 1}
  m_LocalPosition: {x: 0, y: 0, z: 0}
  m_LocalScale: {x: 1, y: 1, z: 1}
  m_Children: []
  m_Father: {fileID: 0}
  m_RootOrder: 0
--- !u!114 &11426992
MonoBehaviour:
  m_ObjectHideFlags: 1
  m_PrefabParentObject: {fileID: 0}
  m_PrefabInternal: {fileID: 100100000}
  m_GameObject: {fileID: 144580}
  m_Enabled: 1
  m_EditorHideFlags: 0
  m_Script: {fileID: 11500000, guid: 2947c5fdf758a054494ef15560a363df, type: 3}
  m_Name: 
  m_EditorClassIdentifier: 
  columns: 10
  rows: 10
  floors:
  - {fileID: 121158, guid: c91c1da826ccea64db4c2674c5a70d7c, type: 2}
  - {fileID: 174034, guid: 6b7d7b58bf79a1647a842216adf9e228, type: 2}
  - {fileID: 132034, guid: 23c7d7bdf9660a845a13b4c678976dfc, type: 2}
  - {fileID: 156870, guid: 786dc9cf3b2e58544a4c150cb55648f0, type: 2}
  - {fileID: 140372, guid: 2d98e18eb7dc82f49b2e554f1f1a1af7, type: 2}
  - {fileID: 139334, guid: 223149e9a009d174ea82a3acb1979659, type: 2}
  - {fileID: 160978, guid: adc744b348ce09749ae0163e0e1a36c8, type: 2}
  - {fileID: 113330, guid: ce7fd574719f49641a7f45d9ff408949, type: 2}
  outerWalls:
  - {fileID: 117264, guid: ecad9532b833d07488b849e4221cf749, type: 2}
  - {fileID: 104218, guid: d05a2dda11a7f2a40b9274aa1c9e528d, type: 2}
  - {fileID: 143998, guid: fe25b24517ca7264e9de16ab20d2e240, type: 2}
  wallObstacles:
  - {fileID: 124528, guid: a06a131b9dbde6e4c9cdcd611e4b25c5, type: 2}
  - {fileID: 134692, guid: 5699f0db24fd1c14e82a93ac9eefc69a, type: 2}
  - {fileID: 188668, guid: e0c268bfc350cab44a2980f4582e1796, type: 2}
  - {fileID: 151102, guid: 047a998a0ed549246a0b106d507d3703, type: 2}
  - {fileID: 103824, guid: f0de55aee1a0e704e8ff7f8dad33e113, type: 2}
  - {fileID: 136116, guid: 2f10d56394a832f499165445a8121da9, type: 2}
  - {fileID: 122744, guid: d611a9629078a6a48bc164cf1dee219a, type: 2}
  - {fileID: 100464, guid: 0b8e6c6a3e4823f489dac52437217a7b, type: 2}
  foodItems:
  - {fileID: 141436, guid: 2d6442fa40118774fb4b08f3d3b87086, type: 2}
  - {fileID: 110392, guid: 61c166106a4d05c488854e3f22448b02, type: 2}
  enemies:
  - {fileID: 134050, guid: 0376f3260a9379c469ca424ff2216e77, type: 2}
  - {fileID: 162060, guid: bcfb42b864386c94ca1c9d9181fe9a71, type: 2}
  exit: {fileID: 194744, guid: 8f27bcb9e89b5e04e8c28bb169dc1353, type: 2}
--- !u!114 &11488956
MonoBehaviour:
  m_ObjectHideFlags: 1
  m_PrefabParentObject: {fileID: 0}
  m_PrefabInternal: {fileID: 100100000}
  m_GameObject: {fileID: 144580}
  m_Enabled: 1
  m_EditorHideFlags: 0
  m_Script: {fileID: 11500000, guid: 4f7ccb7ea5fd8da418114834abef25b7, type: 3}
  m_Name: 
  m_EditorClassIdentifier: 
  isPlayerTurn: 0
  areEnemiesMoving: 0
  playerCurrentHealth: 50
  gameOverSound: {fileID: 8300000, guid: bbdad7cac71eab54fb165d6131d31772, type: 3}
--- !u!1001 &100100000
Prefab:
  m_ObjectHideFlags: 1
  serializedVersion: 2
  m_Modification:
    m_TransformParent: {fileID: 0}
    m_Modifications:
    - target: {fileID: 0}
      propertyPath: floors.Array.size
      value: 8
      objectReference: {fileID: 0}
    m_RemovedComponents: []
  m_ParentPrefab: {fileID: 0}
  m_RootGameObject: {fileID: 144580}
  m_IsPrefabParent: 1
